<?xml version="1.0" encoding="UTF-8"?><record xmlns="http://www.loc.gov/MARC21/slim" xmlns:cinclude="http://apache.org/cocoon/include/1.0" xmlns:zs="http://www.loc.gov/zing/srw/">
  <leader>00407cz  a2200133n  4500</leader>
  <controlfield tag="001">n  83155721 </controlfield>
  <controlfield tag="003">DLC</controlfield>
  <controlfield tag="005">19890509092815.4</controlfield>
  <controlfield tag="008">831116n| acannaab|          |a aaa |||  </controlfield>
  <datafield tag="010" ind1=" " ind2=" ">
    <subfield code="a">n  83155721 </subfield>
    <subfield code="z">n  88052660 </subfield>
  </datafield>
  <datafield tag="040" ind1=" " ind2=" ">
    <subfield code="a">DLC</subfield>
    <subfield code="c">DLC</subfield>
    <subfield code="d">DLC</subfield>
  </datafield>
  <datafield tag="100" ind1="1" ind2="0">
    <subfield code="a">Suire, Diane Dow,</subfield>
    <subfield code="d">1954-</subfield>
  </datafield>
  <datafield tag="400" ind1="1" ind2="0">
    <subfield code="a">Suire, Diane,</subfield>
    <subfield code="d">1954-</subfield>
  </datafield>
  <datafield tag="670" ind1=" " ind2=" ">
    <subfield code="a">Animals, 1984:</subfield>
    <subfield code="b">CIP data sheet (Diane Suire; b. 10-4-54) book t.p. verso (Diane Dow Suire)</subfield>
  </datafield>
</record>